<record><leader>00000cas a22000007a 4500</leader><controlfield tag="001">9604913</controlfield><controlfield tag="008">830614d18531853ohuwr ne      0    0eng d</controlfield><datafield ind1=" " ind2=" " tag="010"><subfield code="a">sn 83035227 </subfield></datafield><datafield ind1=" " ind2=" " tag="040"><subfield code="a">NPY</subfield><subfield code="b">eng</subfield><subfield code="c">NPY</subfield><subfield code="d">OCL</subfield><subfield code="d">OCLCQ</subfield></datafield><datafield ind1=" " ind2=" " tag="042"><subfield code="a">msc</subfield></datafield><datafield ind1="0" ind2=" " tag="130"><subfield code="a">Democrat (Jefferson, Ohio : 1853)</subfield></datafield><datafield ind1="1" ind2="4" tag="245"><subfield code="a">The Democrat.</subfield></datafield><datafield ind1="1" ind2="3" tag="246"><subfield code="a">Ashtabula Democrat</subfield></datafield><datafield ind1=" " ind2=" " tag="260"><subfield code="a">Jefferson, Ohio :</subfield><subfield code="b">S.D. Dann</subfield></datafield><datafield ind1=" " ind2=" " tag="300"><subfield code="a">v. ;</subfield><subfield code="c">60 cm.</subfield></datafield><datafield ind1=" " ind2=" " tag="310"><subfield code="a">Weekly</subfield></datafield><datafield ind1="1" ind2=" " tag="362"><subfield code="a">Began with May 2, 1853 issue.</subfield><subfield code="z">Cf. Large, M.W. Hist. of Ashtabula Co., 1924.</subfield></datafield><datafield ind1="1" ind2=" " tag="362"><subfield code="a">Ceased in 1853.</subfield></datafield><datafield ind1=" " ind2=" " tag="500"><subfield code="a">Published on Monday.</subfield></datafield><datafield ind1=" " ind2=" " tag="500"><subfield code="a">"Devoted to news, literature, and the diffusion of Democratic principles."</subfield></datafield><datafield ind1=" " ind2=" " tag="520"><subfield code="a">This paper in the fall of 1853 moved to Geneva, Ohio, and the title became the Ashtabula Democrat, published by B.J. Loomis.</subfield></datafield><datafield ind1=" " ind2=" " tag="588"><subfield code="a">Description based on: Vol. 1, no. 5 (June 6, 1853).</subfield></datafield><datafield ind1=" " ind2=" " tag="752"><subfield code="a">United States</subfield><subfield code="b">Ohio</subfield><subfield code="c">Ashtabula</subfield><subfield code="d">Jefferson.</subfield></datafield><datafield ind1="0" ind2="0" tag="785"><subfield code="t">Ashtabula Democrat</subfield></datafield></record>